@misc{overleaf:learnlatex,
    author = {Overleaf},
    howpublished = {\url{https://www.overleaf.com/learn/latex/Learn_LaTeX_in_30_minutes}},
    title = {Learn LaTeX in 30 Minutes}
}

@article{aguirre2005emergency,
  author = {Aguirre, B. E.},
  title = {Emergency Evacuations, Panic, and Social Psychology},
  journal = {Psychiatry},
  volume = {68},
  number = {2},
  pages = {121--129},
  year = {2005},
  doi = {10.1521/psyc.2005.68.2.121}
}

@article{foldesbusque2017closer,
  author = {Foldes-Busque, G. and Denis, I. and Poitras, J. and Fleet, R. P. and Archambault, P. and Dionne, C. E.},
  title = {A closer look at the relationships between panic attacks, emergency department visits and non-cardiac chest pain},
  journal = {Journal of Health Psychology},
  volume = {24},
  number = {6},
  pages = {717--725},
  year = {2017},
  doi = {10.1177/1359105316683785}
}

@article{romano2016designing,
  title={Designing mobile applications for emergency response: citizens acting as human sensors},
  author={Romano, Marco and Onorati, Teresa and Aedo, Ignacio and Diaz, Paloma},
  journal={Sensors},
  volume={16},
  number={3},
  pages={406},
  year={2016},
  publisher={MDPI}
}

@article{deguzman2014mobile,
  title={Mobile emergency response application using geolocation for command centers},
  author={de Guzman, Jethro B and Ado, Remedios G and others},
  journal={International Journal of Computer and Communication Engineering},
  volume={3},
  number={4},
  pages={235},
  year={2014},
  publisher={IACSIT Press}
}

@article{kirubarajan2020artificial,
  title={Artificial intelligence in emergency medicine: a scoping review},
  author={Kirubarajan, Abirami and Taher, Ahmed and Khan, Shawn and Masood, Sameer},
  journal={JACEP Open},
  volume={1},
  number={6},
  pages={1691--1702},
  year={2020},
  publisher={Elsevier}
}

@article{kiran2020artificial,
title = {Artificial Intelligence in Emergency Medicine: Surmountable Barriers With Revolutionary Potential},
journal = {Annals of Emergency Medicine},
volume = {75},
number = {6},
pages = {721-726},
year = {2020},
issn = {0196-0644},
doi = {https://doi.org/10.1016/j.annemergmed.2019.12.024},
url = {https://www.sciencedirect.com/science/article/pii/S0196064419314659},
author = {Kiran Grant and Aidan McParland and Shaun Mehta and Alun D. Ackery}
}